@MISC{JB,
author = {Neil Pane},
title = {MLB historical WAR data},
month = July,
year = 2021,
howpublished={\url{https://github.com/NeilPaine538/MLB-WAR-data-historical}}
}

@MISC{WAR,
author = "MLB",
title = {Wins Above Replacement (WAR)},
month = {n.d.},
year = {n.d.},
howpublished={\url{https://www.mlb.com/glossary/advanced-stats/wins-above-replacement}}
}

@MISC{McIntyre2016,
author = {Jordan McIntyre and Manish Sharma and Koba Khitalishvili},
title = {Linear optimization and baseball teams},
month = {March},
year = {2016},
howpublished={\url{https://rpubs.com/Koba/linear-opt-baseball}}
}

@book{Moneyball,
author = "Michael Lewis", 
year = 2003,
title = "Moneyball",
publisher = "W.W. Norton \& Company"
}

@MISC{Adler99baseball,
author = {Ilan Adler and Alan L. Erera and Dorit S. Hochbaum and Eli V. Olinick},
title = {Baseball, Optimization and the World Wide Web},
year = {1999}
}

@MISC{Brown2021,
author = "Maury Brown",
title = {2021 MLB Final Player Payrolls Show \$168 Million Drop From Last Full Season; Here's Every Team's Number},
month = December,
year = 2021,
howpublished={\url{https://www.forbes.com/sites/maurybrown/2021/12/22/2021-mlb-final-player-payrolls-show-168m-drop-from-last-full-season-heres-every-team/?sh=674b3e663999}}
}

@MISC{Aramouni2021,
author = "Nicolas Aramouni",
title = {Playing Moneyball: Creating an efficient NBA team with linear programming},
month = {January},
year = {2021},
howpublished={\url{https://towardsdatascience.com/playing-moneyball-creating-an-efficient-nba-team-with-linear-programming-ef14f6383861}}
}